<?xml version="1.0" encoding="UTF-8"?><collection xmlns="http://www.loc.gov/MARC21/slim"><record><leader>00444nam--2200145-i-4500</leader><controlfield tag="001">000026247</controlfield><controlfield tag="002">20161230</controlfield><controlfield tag="005">20170110230604</controlfield><controlfield tag="008">060222s1000------------r-----000-0-eng-d</controlfield><datafield ind1=" " ind2=" " tag="245"><subfield code="a">Instructiuni pentru verificarea comparatoarelor de alezaje cu valoarea diviziunii de 0,01 0,002 Si 0,001mm</subfield></datafield><datafield ind1=" " ind2=" " tag="250"><subfield code="a">Editie Oficiala</subfield></datafield><datafield ind1=" " ind2=" " tag="260"><subfield code="a">Bucureti</subfield><subfield code="b">Ed.Tehnica</subfield><subfield code="c">1975</subfield></datafield><datafield ind1=" " ind2=" " tag="300"><subfield code="a">18 p</subfield></datafield><datafield ind1=" " ind2=" " tag="852"><subfield code="a">531.713.089.6(083.96)</subfield></datafield><datafield ind1=" " ind2=" " tag="CAT"><subfield code="a">SYS</subfield><subfield code="c">20170110</subfield><subfield code="h">230604</subfield></datafield></record></collection>